@misc{chen2018encoderdecoder,
  title={Encoder-Decoder with Atrous Separable Convolution for Semantic Image Segmentation}, 
  author={Liang-Chieh Chen and Yukun Zhu and George Papandreou and Florian Schroff and Hartwig Adam},
  year={2018},
  eprint={1802.02611},
  archivePrefix={arXiv},
  primaryClass={cs.CV}
}

@inproceedings{he2016deep,
  title={Deep Residual Learning for Image Recognition},
  author={Kaiming He and Xiangyu Zhang and Shaoqing Ren and Jian Sun},
  booktitle={Proceedings of the IEEE Conference on Computer Vision and Pattern Recognition (CVPR)},
  year={2016},
  doi={10.1109/CVPR.2016.90}
}

@inproceedings{ronneberger2015unet,
  title={U-Net: Convolutional Networks for Biomedical Image Segmentation},
  author={Olaf Ronneberger and Philipp Fischer and Thomas Brox},
  booktitle={Medical Image Computing and Computer-Assisted Intervention (MICCAI)},
  year={2015},
  doi={10.1007/978-3-319-24574-4_28}
}

@misc{huang2017snapshot,
  title={Snapshot Ensembles: Train 1, get M for free},
  author={Gao Huang and Yixuan Li and Geoff Pleiss and Zhuang Liu and John E. Hopcroft and Kilian Q. Weinberger},
  year={2017},
  eprint={1704.00109},
  archivePrefix={arXiv},
  primaryClass={cs.LG}
}

@misc{Rakshit,
  author={Soumik Rakshit},
  title={Multiclass semantic segmentation using DeepLabV3+},
  url={https://keras.io/examples/vision/deeplabv3_plus/},
  year={2023},
}

@INPROCEEDINGS{spatialdropout,
  author={Tompson, Jonathan and Goroshin, Ross and Jain, Arjun and LeCun, Yann and Bregler, Christoph},
  booktitle={2015 IEEE Conference on Computer Vision and Pattern Recognition (CVPR)}, 
  title={Efficient object localization using Convolutional Networks}, 
  year={2015},
  volume={},
  number={},
  pages={648-656},
  doi={10.1109/CVPR.2015.7298664}
}

@misc{wu2018group,
  title={Group Normalization}, 
  author={Yuxin Wu and Kaiming He},
  year={2018},
  eprint={1803.08494},
  archivePrefix={arXiv},
  primaryClass={cs.CV}
}

@misc{hendrycks2023gaussian,
  title={Gaussian Error Linear Units (GELUs)}, 
  author={Dan Hendrycks and Kevin Gimpel},
  year={2023},
  eprint={1606.08415},
  archivePrefix={arXiv},
  primaryClass={cs.LG}
}

@article{sotasemanticsegmentation,
  title={Review the state-of-the-art technologies of semantic segmentation based on deep learning},
  journal={Neurocomputing},
  volume={493},
  pages={626-646},
  year={2022},
  issn={0925-2312},
  doi={https://doi.org/10.1016/j.neucom.2022.01.005},
  url={https://www.sciencedirect.com/science/article/pii/S0925231222000054},
  author={Yujian Mo and Yan Wu and Xinneng Yang and Feilin Liu and Yujun Liao},
  keywords={Deep learning, Convolutional neural networks, Semantic segmentation, Real-time, Domain adaptation, Multi-modal fusion, Weakly-supervised},
}

@Article{info11020125,
  AUTHOR = {Buslaev, Alexander and Iglovikov, Vladimir I. and Khvedchenya, Eugene and Parinov, Alex and Druzhinin, Mikhail and Kalinin, Alexandr A.},
  TITLE = {Albumentations: Fast and Flexible Image Augmentations},
  JOURNAL = {Information},
  VOLUME = {11},
  YEAR = {2020},
  NUMBER = {2},
  ARTICLE-NUMBER = {125},
  URL = {https://www.mdpi.com/2078-2489/11/2/125},
  ISSN = {2078-2489},
  DOI = {10.3390/info11020125}
}

@article{DBLP:journals/corr/LoshchilovH16a,
  author       = {Ilya Loshchilov and
                  Frank Hutter},
  title        = {{SGDR:} Stochastic Gradient Descent with Restarts},
  journal      = {CoRR},
  volume       = {abs/1608.03983},
  year         = {2016},
  url          = {http://arxiv.org/abs/1608.03983},
  eprinttype    = {arXiv},
  eprint       = {1608.03983},
  timestamp    = {Mon, 13 Aug 2018 16:48:29 +0200},
  biburl       = {https://dblp.org/rec/journals/corr/LoshchilovH16a.bib},
  bibsource    = {dblp computer science bibliography, https://dblp.org}
}

@misc{idealods2019imagededup,
  title={Imagededup},
  author={Tanuj Jain and Christopher Lennan and Zubin John and Dat Tran},
  year={2019},
  howpublished={\url{https://github.com/idealo/imagededup}},
}

@article{wang2022nau, title={NAU-Net: A New Deep Learning Framework in Glacial Lake Detection}, author={Wang, Jinxiao and Chen, Fang and Zhang, Meimei and Yu, Bo}, journal={IEEE Geoscience and Remote Sensing Letters}, volume={19}, pages={2000905}, year={2022}, publisher={IEEE} }

@inproceedings{Jadon_2020,
doi = {10.1109/cibcb48159.2020.9277638},
url = {https://doi.org/10.1109%2Fcibcb48159.2020.9277638},
year = 2020,
month = {oct},
publisher = {{IEEE}},
author = {Shruti Jadon},
title = {A survey of loss functions for semantic segmentation},
booktitle = {2020 {IEEE} Conference on Computational Intelligence in Bioinformatics and Computational Biology ({CIBCB})}
}